@article{McMurdie2014,
  doi = {10.1371/journal.pcbi.1003531},
  url = {https://doi.org/10.1371/journal.pcbi.1003531},
  year = {2014},
  month = apr,
  publisher = {Public Library of Science ({PLoS})},
  volume = {10},
  number = {4},
  pages = {e1003531},
  author = {Paul J. McMurdie and Susan Holmes},
  editor = {Alice Carolyn McHardy},
  title = {Waste Not,  Want Not: Why Rarefying Microbiome Data Is Inadmissible},
  journal = {{PLoS} Computational Biology}
}
